<?xml version="1.0" encoding="UTF-8"?><collection xmlns="http://www.loc.gov/MARC21/slim"><record><leader>00353nam--2200121-i-4500</leader><controlfield tag="001">000030301</controlfield><controlfield tag="002">20161230</controlfield><controlfield tag="005">20161230201038</controlfield><controlfield tag="008">060222s1000------------r-----000-0-eng-d</controlfield><datafield ind1=" " ind2=" " tag="080"><subfield code="a">621.039.7(061.3)</subfield></datafield><datafield ind1=" " ind2=" " tag="245"><subfield code="a">Management of radioactive wastes from the nuclear fuel cycle</subfield></datafield><datafield ind1=" " ind2=" " tag="260"><subfield code="a">Vienna, International Atomic Energy Aggency, 1976, 424p</subfield></datafield><datafield ind1=" " ind2=" " tag="852"><subfield code="a">43610</subfield></datafield></record></collection>